@string{PRL =   "Phys. Rev. Lett."}
@string{PoP =   "Phys. Plasmas"}
@string{PoF =   "Phys. Fluids"}
@string{PFB =   "Phys. Fluids B"}
@string{NF =   "Nucl. Fusion"}
@string{PPCF =   "Plasma Phys. Controlled Fusion"}
@string{RMP =   "Rev. Mod. Phys."}
@string{CPP =   "Contrib. Plasma Phys."}
@string{JCP =   "J. Comp. Phys."}
@string{RPP =   "Rep. Prog. Phys."}

@Article{sfincsPaper,
 author="M Landreman and H M Smith and A Moll\'{e}n and P Helander",
 journal =      PoP,
 year =         2014,
 volume =       21,
 pages =        042503
}

@Article{speedGrids,
 author="M Landreman and D Ernst",
 journal =      JCP,
 year =         2013,
 volume =       243,
 pages =        130
}

@Article{AbelReview,
 author="I G Abel and G G Plunk and E Wang and M Barnes and S C Cowley and W Dorland and A A Schekochihin",
 journal =      RPP,
 year =         2013,
 volume =       76,
 pages =        116201
}

@Article{Regana2013,
 author="J M Garcia-Regana and R Kleiber and C D Beidler and Y Turkin and H Maassberg and P Helander",
 journal =      PPCF,
 year =         2013,
 volume =       55,
 pages =        074008
}

@Article{Kasilov2014,
 author="S V Kasilov and W Kernbichler and A F Martitsch and H Maassberg and M F Heyn",
 journal =      PoP,
 year =         2014,
 volume =       21,
 pages =        092506
}

@Article{Martitsch2016,
 author="A F Martitsch and S V Kasilov and W Kernbichler and G Kapper and C G Albert and M F Heyn and H M Smith and E Strumberger and S Fietz and W Suttrop and M Landreman and {The ASDEX Upgrade Team} and {The EUROfusion MST1 Team}",
 journal =      PPCF,
 year =         2016,
 volume =       58,
 pages =        074007
}

