@string{PRL =   "Phys. Rev. Lett."}
@string{PoP =   "Phys. Plasmas"}
@string{PoF =   "Phys. Fluids"}
@string{PFB =   "Phys. Fluids B"}
@string{NF =   "Nucl. Fusion"}
@string{PPCF =   "Plasma Phys. Controlled Fusion"}
@string{RMP =   "Rev. Mod. Phys."}
@string{CPP =   "Contrib. Plasma Phys."}

@Article{sfincsPaper,
 author="M Landreman and H M Smith and A Moll\'{e}n and P Helander",
 journal =      PoP,
 year =         2014,
 volume =       21,
 pages =        042503
}
